<record><leader>00000cas a2200000 a 4500</leader><controlfield tag="001">27464108</controlfield><controlfield tag="008">930218d19641994cauir ne      0   a0eng c</controlfield><datafield ind1=" " ind2=" " tag="010"><subfield code="a">sn 93003661 </subfield></datafield><datafield ind1=" " ind2=" " tag="040"><subfield code="a">NSD</subfield><subfield code="b">eng</subfield><subfield code="c">NSD</subfield><subfield code="d">ANN</subfield><subfield code="d">OCLCQ</subfield><subfield code="d">OCLCO</subfield></datafield><datafield ind1=" " ind2=" " tag="012"><subfield code="j">0</subfield><subfield code="m">d</subfield></datafield><datafield ind1="1" ind2=" " tag="022"><subfield code="a">1068-1884</subfield><subfield code="l">1068-1884</subfield><subfield code="2">1</subfield></datafield><datafield ind1="1" ind2=" " tag="029"><subfield code="a">AU@</subfield><subfield code="b">000020714833</subfield></datafield><datafield ind1=" " ind2=" " tag="042"><subfield code="a">nsdp</subfield><subfield code="a">pcc</subfield></datafield><datafield ind1=" " ind2=" " tag="043"><subfield code="a">n-us-az</subfield></datafield><datafield ind1=" " ind2="0" tag="222"><subfield code="a">Lake Havasu City herald</subfield></datafield><datafield ind1="0" ind2="0" tag="245"><subfield code="a">Lake Havasu City herald.</subfield></datafield><datafield ind1="1" ind2="3" tag="246"><subfield code="a">Lake Havasu City weekly herald</subfield><subfield code="f">Nov. 21-Dec. 29, 1966.</subfield></datafield><datafield ind1=" " ind2=" " tag="260"><subfield code="a">San Bernadino, Calif. :</subfield><subfield code="b">Walters Publications,</subfield></datafield><datafield ind1=" " ind2=" " tag="300"><subfield code="a">v. :</subfield><subfield code="b">ill.</subfield></datafield><datafield ind1=" " ind2=" " tag="310"><subfield code="a">Triweekly</subfield><subfield code="b">Nov. 8 1992-Sept. 30, 1994</subfield></datafield><datafield ind1=" " ind2=" " tag="321"><subfield code="a">Monthly</subfield><subfield code="b">May 1964-Sept. 1966</subfield></datafield><datafield ind1=" " ind2=" " tag="321"><subfield code="a">Weekly</subfield><subfield code="b">Oct. 6, 1966-Feb. 23, 1977</subfield></datafield><datafield ind1=" " ind2=" " tag="321"><subfield code="a">Semiweekly</subfield><subfield code="b">Mar. 2, 1977-Nov. 6, 1992</subfield></datafield><datafield ind1="0" ind2=" " tag="362"><subfield code="a">Vol. 1, no. 1 (May 1964)-30th year, no. 57 (Sept. 30, 1994).</subfield></datafield><datafield ind1=" " ind2=" " tag="500"><subfield code="a">Published in: Hesperia, Calif., Dec. 1964-Nov. 1966.</subfield></datafield><datafield ind1=" " ind2=" " tag="500"><subfield code="a">Includes magazine supplement "Mohave", Apr. 6, 1972-June/July 1978; includes weekend supplement, &lt;1986&gt;.</subfield></datafield><datafield ind1=" " ind2="0" tag="651"><subfield code="a">Lake Havasu City (Ariz.)</subfield><subfield code="v">Newspapers.</subfield></datafield><datafield ind1=" " ind2="0" tag="651"><subfield code="a">Mohave County (Ala.)</subfield><subfield code="v">Newspapers.</subfield></datafield><datafield ind1="0" ind2=" " tag="770"><subfield code="t">Mohave</subfield><subfield code="w">(DLC) sn00060091</subfield></datafield><datafield ind1=" " ind2=" " tag="752"><subfield code="a">United States</subfield><subfield code="b">Arizona</subfield><subfield code="c">Mohave</subfield><subfield code="d">Lake Havasu City.</subfield></datafield><datafield ind1="0" ind2=" " tag="775"><subfield code="t">Lake Havasu City herald (Lake Havasu City, Ariz. : Monthly)</subfield><subfield code="w">(DLC)sn 95060781</subfield></datafield><datafield ind1="0" ind2=" " tag="775"><subfield code="t">Lake Havasu City herald (Lake Havasu City, Ariz. : Quarterly)</subfield><subfield code="w">(DLC)sn 95060782</subfield></datafield><datafield ind1="0" ind2="0" tag="785"><subfield code="t">Daily herald (Lake Havasu City, Ariz.)</subfield><subfield code="x">1079-3437</subfield><subfield code="w">(DLC)sn 94004094</subfield></datafield></record>